<record><leader>00000cas a22000007a 4500</leader><controlfield tag="001">19950051</controlfield><controlfield tag="008">890629d19491967mouwr ne      0    0eng d</controlfield><datafield ind1=" " ind2=" " tag="010"><subfield code="a">sn 89066773 </subfield></datafield><datafield ind1=" " ind2=" " tag="040"><subfield code="a">MQN</subfield><subfield code="b">eng</subfield><subfield code="c">MQN</subfield><subfield code="d">OCLCQ</subfield></datafield><datafield ind1=" " ind2=" " tag="042"><subfield code="a">msc</subfield></datafield><datafield ind1="0" ind2="0" tag="245"><subfield code="a">Oran news.</subfield></datafield><datafield ind1=" " ind2=" " tag="260"><subfield code="a">Oran, Mo. :</subfield><subfield code="b">Al Westland</subfield></datafield><datafield ind1=" " ind2=" " tag="300"><subfield code="a">v.</subfield></datafield><datafield ind1=" " ind2=" " tag="310"><subfield code="a">Weekly</subfield></datafield><datafield ind1="1" ind2=" " tag="362"><subfield code="a">Began in 1949? Ceased in 1967.</subfield></datafield><datafield ind1=" " ind2=" " tag="515"><subfield code="a">Numbering is irregular.</subfield></datafield><datafield ind1=" " ind2=" " tag="588"><subfield code="a">Description based on: Vol. 12, no. 6 (Jan. 11, 1957).</subfield></datafield><datafield ind1=" " ind2=" " tag="752"><subfield code="a">United States</subfield><subfield code="b">Missouri</subfield><subfield code="c">Scott</subfield><subfield code="d">Oran.</subfield></datafield><datafield ind1="0" ind2="7" tag="785"><subfield code="t">Chaffee signal</subfield><subfield code="w">(DLC)sn 89066774</subfield></datafield><datafield ind1="0" ind2="7" tag="785"><subfield code="t">Signal and north Scott County news</subfield><subfield code="w">(DLC)sn 89066775</subfield></datafield></record>